@Manual{doby,
  title = {doBy: Groupwise Statistics, LSmeans, Linear Contrasts, Utilities},
  author = {Søren Højsgaard and Ulrich Halekoh},
  year = {2020},
  note = {R package version 4.6.6},
  url = {http://people.math.aau.dk/~sorenh/software/doBy/},
}

@Article{lsmeans,
    title = {Least-Squares Means: The {R} Package {lsmeans}},
    author = {Russell V. Lenth},
    journal = {Journal of Statistical Software},
    year = {2016},
    volume = {69},
    number = {1},
    pages = {1--33},
    doi = {10.18637/jss.v069.i01},
}

@Article{multcomp,
    title = {Simultaneous Inference in General Parametric Models},
    author = {Torsten Hothorn and Frank Bretz and Peter Westfall},
    journal = {Biometrical Journal},
    year = {2008},
    volume = {50},
    number = {3},
    pages = {346--363},
}

@Manual{magrittr,
    title = {magrittr: A Forward-Pipe Operator for R},
    author = {Stefan Milton Bache and Hadley Wickham},
    year = {2014},
    note = {R package version 1.5},
    url = {https://CRAN.R-project.org/package=magrittr},
  }
  
@Manual{data.table,
    title = {data.table: Extension of `data.frame`},
    author = {Matt Dowle and Arun Srinivasan},
    year = {2019},
    note = {R package version 1.12.8},
    url = {https://CRAN.R-project.org/package=data.table},
}

@Manual{broom,
  title = {broom: Convert Statistical Analysis Objects into Tidy Tibbles},
  author = {David Robinson and Alex Hayes},
  year = {2020},
  note = {R package version 0.5.6},
  url = {https://CRAN.R-project.org/package=broom},
}

@Manual{tibble,
  title = {tibble: Simple Data Frames},
  author = {Kirill Müller and Hadley Wickham},
  year = {2020},
  note = {R package version 3.0.1},
  url = {https://CRAN.R-project.org/package=tibble},
}

@Article{geepack,
  title = {The R Package geepack for Generalized Estimating Equations},
  author = {Ulrich Halekoh and Søren Højsgaard and Jun Yan},
  year = {2006},
  journal = {Journal of Statistical Software},
  volume = {15/2},
  pages = {1--11},
}


@Article{lme4,
  title = {Fitting Linear Mixed-Effects Models Using {lme4}},
  author = {Douglas Bates and Martin M{\"a}chler and Ben Bolker and Steve Walker},
  journal = {Journal of Statistical Software},
  year = {2015},
  volume = {67},
  number = {1},
  pages = {1--48},
  doi = {10.18637/jss.v067.i01},
}

@Article{tidyverse,
    title = {Welcome to the {tidyverse}},
    author = {Hadley Wickham and Mara Averick and Jennifer Bryan and
      Winston Chang and Lucy D'Agostino McGowan and Romain François and
      Garrett Grolemund and Alex Hayes and Lionel Henry and Jim Hester
      and Max Kuhn and Thomas Lin Pedersen and Evan Miller and Stephan
      Milton Bache and Kirill Müller and Jeroen Ooms and David Robinson
      and Dana Paige Seidel and Vitalie Spinu and Kohske Takahashi and
      Davis Vaughan and Claus Wilke and Kara Woo and Hiroaki Yutani},
    year = {2019},
    journal = {Journal of Open Source Software},
    volume = {4},
    number = {43},
    pages = {1686},
    doi = {10.21105/joss.01686},
  }

@Article{pbkrtest,
    title = {A Kenward-Roger Approximation and Parametric Bootstrap Methods for Tests in Linear Mixed Models -- The {R} Package {pbkrtest}},
    author = {Ulrich Halekoh and S{\o}ren H{\o}jsgaard},
    journal = {Journal of Statistical Software},
    year = {2014},
    volume = {59},
    number = {9},
    pages = {1--30},
    url = {http://www.jstatsoft.org/v59/i09/}
}

@Manual{procsummary,
  title = 	 {Base SAS 9.4 Procedures Guide, Seventh Edition},
  OPTkey = 	 {},
  author = 	 {{SAS Institute Inc.}},
  OPTorganization = {},
  OPTaddress = 	 {},
  OPTedition = 	 {},
  month = 	 {April},
  year = 	 {2020},
  OPTnote = 	 {},
  OPTannote = 	 {}
}

@Manual{R,
  title = {R: A Language and Environment for Statistical Computing},
  author = {{R Core Team}},
  organization = {R Foundation for Statistical Computing},
  address = {Vienna, Austria},
  year = {2012},
  note = {{ISBN} 3-900051-07-0},
  url = {http://www.R-project.org/},
}

@article{ihaka:1996,
  Author = {Ihaka, Ross and Gentleman, Robert},
	Journal = {Journal of Computational and Graphical Statistics},
	Number = 3,
	Pages = {299--314},
	Title = {R: A Language for Data Analysis and Graphics},
	Volume = 5,
	Year = 1996}
